% Encoding: UTF-8

@Article{washington_post,
  author  = {Julie Tate},
  title   = {How The Washington Post is examining police shootings in the United States},
  journal = {https://www.washingtonpost.com/national/how-the-washington-post-is-examining-police-shootings-in-the-united-states/},
  year    = {2016},
}

@Article{deadly_force,
  author  = {Jeffrey S. Nowacki},
  title   = {Policy, Racial Threat, and Economic Conditions: A Look at Police Use of Deadly Force},
  journal = {https://core.ac.uk/display/78660159},
  year    = {1979},
}

@Article{fatal_force,
  author  = {The Washington Post},
  title   = {Fatal Force},
  journal = {https://www.washingtonpost.com/graphics/2018/national/police-shootings-2018},
  year    = {2018},
}

@Article{ferguson,
  author  = {Benjamin Wallace-Wells},
  title   = {Police Shootings, Race, and the Fear Defense},
  journal = {https://www.newyorker.com/news/benjamin-wallace-wells/police-shootings-race-and-the-fear-defense},
  year    = {2016},
}
@Article{folium,
  author  = {Python Software Foundation},
  title   = {folium 0.1.5},
  journal = {https://pypi.org/project/folium/0.1.5/},
  year    = {2019},
}
@Article{python,
  author  = {James A. Bednar},
  title   = {Python Data Visualization 2018: Why So Many Libraries?},
  journal = {https://www.anaconda.com/blog/developer-blog/python-data-visualization-2018-why-so-many-libraries/},
  year    = {2018},
}
@Article{camera,
  author  = {Maya Wiley},
  title   = {Body Cameras Help Everyone â€” Including the Police},
  journal = {http://time.com/4771417/jordan-edwards-body-cameras-police/},
  year    = {2017},
}

@Comment{jabref-meta: databaseType:bibtex;}
