% Encoding: UTF-8

@Article{washington_post,
  author  = {Julie Tate},
  title   = {How The Washington Post is examining police shootings in the United States},
  journal = {https://www.washingtonpost.com/national/how-the-washington-post-is-examining-police-shootings-in-the-united-states/},
  year    = {2016},
}

@Article{deadly_force,
  author  = {Jeffrey S. Nowacki},
  title   = {Policy, Racial Threat, and Economic Conditions: A Look at Police Use of Deadly Force},
  journal = {https://core.ac.uk/display/78660159},
  year    = {1979},
}

@Article{fatal_force,
  author  = {The Washington Post},
  title   = {Fatal Force},
  journal = {https://www.washingtonpost.com/graphics/2018/national/police-shootings-2018},
  year    = {2018},
}

@Article{ferguson,
  author  = {Benjamin Wallace-Wells},
  title   = {Police Shootings, Race, and the Fear Defense},
  journal = {https://www.newyorker.com/news/benjamin-wallace-wells/police-shootings-race-and-the-fear-defense},
  year    = {2016},
}

@Comment{jabref-meta: databaseType:bibtex;}
